<record xmlns='http://www.loc.gov/MARC21/slim'><leader>01672cam a2200481 a 4500</leader><controlfield tag='001'>u6663824</controlfield><controlfield tag='003'>SIRSI</controlfield><controlfield tag='005'>20160104150913.0</controlfield><controlfield tag='008'>110926s2011    ja       b    000 f jpn c</controlfield><datafield ind1=' ' ind2=' ' tag='020'><subfield code='a'>9784334927769</subfield></datafield><datafield ind1=' ' ind2=' ' tag='020'><subfield code='a'>4334927769</subfield></datafield><datafield ind1=' ' ind2=' ' tag='035'><subfield code='a'>(OCoLC)754710219</subfield></datafield><datafield ind1=' ' ind2=' ' tag='042'><subfield code='a'>pcc</subfield></datafield><datafield ind1=' ' ind2=' ' tag='043'><subfield code='a'>a-ja---</subfield></datafield><datafield ind1=' ' ind2=' ' tag='040'><subfield code='a'>JaToTRC</subfield><subfield code='b'>eng</subfield><subfield code='c'>TRCLS</subfield><subfield code='d'>WAU</subfield><subfield code='d'>NUI</subfield><subfield code='d'>ZCU</subfield><subfield code='d'>OCLCO</subfield><subfield code='d'>OCLCF</subfield><subfield code='d'>OCLCQ</subfield></datafield><datafield ind1=' ' ind2='4' tag='050'><subfield code='a'>PL873.I58</subfield><subfield code='b'>F86 2011</subfield></datafield><datafield ind1=' ' ind2=' ' tag='066'><subfield code='c'>$1</subfield></datafield><datafield ind1=' ' ind2=' ' tag='084'><subfield code='a'>913.6</subfield><subfield code='2'>njb/9</subfield></datafield><datafield ind1='1' ind2=' ' tag='100'><subfield code='6'>880-01</subfield><subfield code='a'>Miura, Shion,</subfield><subfield code='d'>1976-</subfield></datafield><datafield ind1='1' ind2='0' tag='245'><subfield code='6'>880-02</subfield><subfield code='a'>Fune o amu /</subfield><subfield code='c'>Miura Shion.</subfield></datafield><datafield ind1=' ' ind2=' ' tag='250'><subfield code='6'>880-03</subfield><subfield code='a'>Shohan.</subfield></datafield><datafield ind1=' ' ind2='1' tag='264'><subfield code='6'>880-04</subfield><subfield code='a'>Tōkyō :</subfield><subfield code='b'>Kōbunsha,</subfield><subfield code='c'>2011.</subfield></datafield><datafield ind1=' ' ind2='3' tag='264'><subfield code='c'>[2013?]</subfield></datafield><datafield ind1=' ' ind2=' ' tag='300'><subfield code='a'>259 pages, 4 unnumbered pages ;</subfield><subfield code='c'>20 cm</subfield></datafield><datafield ind1=' ' ind2=' ' tag='336'><subfield code='a'>text</subfield><subfield code='b'>txt</subfield><subfield code='2'>rdacontent</subfield></datafield><datafield ind1=' ' ind2=' ' tag='337'><subfield code='a'>unmediated</subfield><subfield code='b'>n</subfield><subfield code='2'>rdamedia</subfield></datafield><datafield ind1=' ' ind2=' ' tag='338'><subfield code='a'>volume</subfield><subfield code='b'>nc</subfield><subfield code='2'>rdacarrier</subfield></datafield><datafield ind1=' ' ind2=' ' tag='500'><subfield code='a'>Fiction.</subfield></datafield><datafield ind1=' ' ind2=' ' tag='500'><subfield code='a'>Previously appeared in &quot;Classy,&quot; Nov. 2099-July 2011.</subfield></datafield><datafield ind1=' ' ind2=' ' tag='504'><subfield code='a'>Includes bibliographical references (page 261).</subfield></datafield><datafield ind1=' ' ind2='0' tag='650'><subfield code='a'>Lexicographers</subfield><subfield code='z'>Japan</subfield><subfield code='v'>Fiction.</subfield></datafield><datafield ind1=' ' ind2='7' tag='650'><subfield code='a'>Lexicographers.</subfield><subfield code='2'>fast</subfield><subfield code='0'>(OCoLC)fst00997019</subfield></datafield><datafield ind1=' ' ind2='7' tag='651'><subfield code='a'>Japan.</subfield><subfield code='2'>fast</subfield><subfield code='0'>(OCoLC)fst01204082</subfield></datafield><datafield ind1=' ' ind2='7' tag='655'><subfield code='a'>Fiction.</subfield><subfield code='2'>fast</subfield><subfield code='0'>(OCoLC)fst01423787</subfield></datafield><datafield ind1='4' ind2=' ' tag='856'><subfield code='u'>http://www.bk1.jp/trcno/11046915/?partnerid=oclc&amp;siteid=oclc</subfield><subfield code='z'>Japanese record available for display</subfield></datafield><datafield ind1='1' ind2=' ' tag='880'><subfield code='6'>100-01/$1</subfield><subfield code='a'>三浦しをん,</subfield><subfield code='d'>1976-</subfield></datafield><datafield ind1='1' ind2='0' tag='880'><subfield code='6'>245-02/$1</subfield><subfield code='a'>舟を編む /</subfield><subfield code='c'>三浦しをん.</subfield></datafield><datafield ind1=' ' ind2=' ' tag='880'><subfield code='6'>250-03/$1</subfield><subfield code='a'>初版.</subfield></datafield><datafield ind1=' ' ind2='1' tag='880'><subfield code='6'>264-04/$1</subfield><subfield code='a'>東京 :</subfield><subfield code='b'>光文社,</subfield><subfield code='c'>2011</subfield><subfield code='g'>(2012 printing)</subfield></datafield><datafield ind1=' ' ind2=' ' tag='994'><subfield code='a'>Z0</subfield><subfield code='b'>VA@</subfield></datafield><datafield ind1=' ' ind2=' ' tag='596'><subfield code='a'>2</subfield></datafield><datafield ind1=' ' ind2=' ' tag='999'><subfield code='a'>PL873 .I58 F86 2011</subfield><subfield code='w'>LC</subfield><subfield code='i'>X031649456</subfield><subfield code='l'>STACKS</subfield><subfield code='m'>ALDERMAN</subfield><subfield code='t'>BOOK</subfield></datafield></record>